<?xml version="1.0" encoding="UTF-8"?><collection xmlns="http://www.loc.gov/MARC21/slim"><record><leader>00452nam--2200133-i-4500</leader><controlfield tag="001">000037803</controlfield><controlfield tag="002">20161230</controlfield><controlfield tag="005">20161230201041</controlfield><controlfield tag="008">060222s1000------------r-----000-0-eng-d</controlfield><datafield ind1=" " ind2=" " tag="080"><subfield code="a">66.048:62-52(043)</subfield></datafield><datafield ind1=" " ind2=" " tag="100"><subfield code="a">Ramos Niembro, Gaudencio</subfield></datafield><datafield ind1=" " ind2=" " tag="245"><subfield code="a">Contribution a l`etude de la commande sequentielle des procedes complexes. these</subfield></datafield><datafield ind1=" " ind2=" " tag="260"><subfield code="a">Grenoble, L`Univ.Scientifique Et Medicale Et L`Inst.Nat.Polytehnique De Grenoble, 1975, 217p</subfield></datafield><datafield ind1=" " ind2=" " tag="852"><subfield code="a">44022</subfield></datafield></record></collection>